@ONLINE{affectiva:web,
institution = {Affectiva},
title = {Fueling Next Generation Vehicles with Affectiva Automotive AI},
url = {http://go.affectiva.com/auto},
urldate = {2018-04-26},
}

@ONLINE{raspberrypi:camera,
institution = {Raspberry Pi Foundation},
title = {Camera Module},
url = {https://www.raspberrypi.org/documentation/hardware/camera/README.md},
urldate = {2018-05-20}}

@ONLINE{opencv:cvtcolor,
title = {Color conversions},
organization = {OpenCV},
url = {https://docs.opencv.org/3.1.0/de/d25/imgproc_color_conversions.html},
urldate = {2018-04-26},
}

@ONLINE{wikipedia:grauwert,
	title = {Grauwert},
	organization = {Wikipedia},
	url = {https://de.wikipedia.org/wiki/Grauwert},
	urldate = {2018-04-26},
}

@ONLINE{violajones:paper,
	title = {Rapid Object Detection using a Boosted Cascade of Simple Features},
	author = {Viola, Paul and Jones, Michael},
	url = {http://www.cs.cmu.edu/~efros/courses/LBMV07/Papers/viola-cvpr-01.pdf},
	urldate = {2018-04-26},
}

@ONLINE{wikipedia:lbp,
	title = {Local binary patterns},
	organization = {Wikipedia},
	url = {https://en.wikipedia.org/wiki/Local_binary_patterns},
	urldate = {2018-05-01},
}

@ONLINE{wikipedia:facs,
	title = {Facial Action Coding System},
	organization = {Wikipedia},
	url = {https://de.wikipedia.org/wiki/Facial_Action_Coding_System},
	urldate = {2018-05-15},
}

@ONLINE{dkriesel:paper,
	title = {Ein kleiner Überblick über Neuronale Netze},
	author = {David Kriesel},
	url = {http://www.dkriesel.com/_media/science/neuronalenetze-de-zeta2-2col-dkrieselcom.pdf},
	urldate = {2018-05-29},
}

@ONLINE{selbststaendigkeit,
	title = {Selbstständigkeitserklärung (Uni Parderborn)},
	url = {http://www.uni-paderborn.de/fileadmin/muwi/PDFs/Selbststa__ndigkeitserkla__rung.pdf},
	urldate = {2018-06-06},
}

@BOOK{nnadl,
	title = {Neural Networks and Deep Learning},
	author = {Nielsen, Michael A.},
	url = {http://neuralnetworksanddeeplearning.com/},
	publisher = {Determination Press},
	year = 2015,
	keywords = {book}
}

@BOOK{nnsp,
	title = {Neuronale Netze selbst programmieren},
	author = {Rashid, Tariq},
	publisher = {O'REILLY},
	year = 2017,
	edition = 1,
	isbn = {978-3-96009-043-4},
	keywords = {book}
}

% Images

@MISC{img:wikipedia:sigmoid,
	title = {The logistic curve},
	author = {Qef},
	url = {https://en.wikipedia.org/wiki/Sigmoid_function#/media/File:Logistic-curve.svg},
	urldate = {2018-05-30},
}

% Databases

@book{db:kdef,
	author    = {E. Lundqvist, D. and Flykt, A. and Öhman, A.}, 
	title     = {The Karolinska Directed Emotional Faces - KDEF, CD ROM},
	year      = 1998,
	address   = {Department of Clinical Neuroscience, Psychology section, Karolinska Institutet},
	isbn      = {9163071649},
	keywords = {database}
}

@book{db:jaffe,
	author    = {J. Lyons, Michael and Akemastu, Shigeru and Kamachi, Miyuki and  Gyoba, Jiro}, 
	title     = {Coding Facial Expressions with Gabor Wavelets, 3rd IEEE International Conference on Automatic Face and Gesture Recognition, pp. 200-205},
	year      = 1998,
	keywords = {database}
}

@book{db:cohn1,
	author    = {Kanade, T. and Cohn, J. F. and Tian, Y.}, 
	title     = {Comprehensive database for facial expression analysis. Proceedings of the Fourth IEEE International Conference on Automatic Face and Gesture Recognition (FG'00), Grenoble, France, 46-53},
	year      = 2000,
	keywords = {database}
}

@book{db:cohn2,
	author    = {Lucey, P. and Cohn, J. F. and Kanade, T. and Saragih, J. and Ambadar, Z. and Matthews, I.}, 
	title     = {The Extended Cohn-Kanade Dataset (CK+): A complete expression dataset for action unit and emotion-specified expression. Proceedings of the Third International Workshop on CVPR for Human Communicative Behavior Analysis (CVPR4HB 2010), San Francisco, USA, 94-101},
	year      = 2010,
	keywords = {database}
}